@manual
{ref1,
title={Introduction Ã  la programmation GPGPU avec Cuda, Mathias Bourgoin & Sylvain Jubertie.},
}

@manual
{ref2,
title={Page d'accueil du projet SPOC},
note={http://mathiasbourgoin.github.io/SPOC/}
}