@manual
{refProgGPGPU,
title={Introduction Ã  la programmation GPGPU avec Cuda, Mathias Bourgoin, Sylvain Jubertie.}
}

@manual
{refSpoc,
title={Page d'accueil du projet SPOC},
note={http://mathiasbourgoin.github.io/SPOC/}
}

@manual
{refSkeleton,
title={Skeleton Programming for Heterogeneous GPU-based Systems},
note={http://homepages.inf.ed.ac.uk/msteuwer/papers/hips2011.pdf}
}

@manual
{refSkePU,
title={SkePU},
note={http://www.ida.liu.se/labs/pelab/skepu/index.html}
}

@manual
{refMap,
title={The map operation},
note={https://en.wikipedia.org/wiki/General-purpose\_computing\_on\_graphics\_processing\_units}
}